@inproceedings{damgaard2019communication,
  author    = {Ivan Damg{\aa}rd and
               Kasper Green Larsen and
               Jesper Buus Nielsen},
  title     = {Communication Lower Bounds for Statistically Secure MPC, With or Without Preprocessing},
  booktitle = {Advances in Cryptology -- {CRYPTO}},
  pages     = {61--84},
  year      = {2019}
}

@inproceedings{huang12private,
  author    = {Yan Huang and
               David Evans and
               Jonathan Katz},
  title     = {Private Set Intersection: Are Garbled Circuits Better than Custom Protocols?},
  booktitle = {Proceedings of the 19th Annual Network and Distributed System Security Symposium},
  year      = {2012}
}

@misc{aly2020scale,
  author = {Abdelrahaman Aly and Marcel Keller and Dragos Rotaru and Peter Scholl and Nigel P.Smart and Tim Wood~},
  title = {{SCALE--MAMBA} software},
  howpublished = {\url{https://homes.esat.kuleuven.be/~nsmart/SCALE/}},
  year = {2020}
}

@article{lindell2019efficient,
  author    = {Yehuda Lindell and
               Benny Pinkas and
               Nigal P.~Smart and
               Avishay Yanai},
  title     = {{Efficient Constant-Round Multi-party Computation Combining {BMR} and {SPDZ}}},
  journal   = {Journal of Cryptology},
  volume    = {32},
  number    = {3},
  pages     = {1026--1069},
  year      = {2019}
}

@inproceedings{lindell2016more,
  author    = {Yehuda Lindell and
               Nigel P.~Smart and
               Eduardo Soria{-}Vazquez},
  title     = {{More Efficient Constant-Round Multi-party Computation from {BMR} and {SHE}}},
  booktitle = {Proceedings of the 14th International Conference on Theory of Cryptography},
  pages     = {554--581},
  year      = {2016}
}

@article{lah2008are,
  author = {Lah, Frederick},
  title = {Are IP Addresses ``Personally Identifiable Information''?},
  journal = {I/S: A Journal of Law and Policy for the Information Society},
  volume = {4},
  issue = {3},
  year = {2008},
  pages = {681--707}
}

@inproceedings{burger2014taxonomy,
 author = {Burger, Eric W. and Goodman, Michael D. and Kampanakis, Panos and Zhu, Kevin A.},
 title = {Taxonomy Model for Cyber Threat Intelligence Information Exchange Technologies},
 booktitle = {Proceedings of the 2014 ACM Workshop on Information Sharing \& Collaborative Security},
 year = {2014},
 pages = {51--60}
} 

@inproceedings{yung15mental,
  author    = {Moti Yung},
  title     = {From Mental Poker to Core Business: Why and How to Deploy Secure Computation
               Protocols?},
  booktitle = {Proceedings of the 22nd {ACM} Conference on Computer and Communications Security},
  pages     = {1--2},
  year      = {2015}
}

@InProceedings{Kissner,
author="Kissner, Lea
and Song, Dawn",
editor="Shoup, Victor",
title="Privacy-Preserving Set Operations",
booktitle="Advances in Cryptology -- CRYPTO",
year="2005",
publisher="Springer Berlin Heidelberg",
address="Berlin, Heidelberg",
pages="241--257",
isbn="978-3-540-31870-5"
}
@article{Shamir,
author = {Shamir, Adi},
title = {How to Share a Secret},
year = {1979},
issue_date = {November 1979},
publisher = {Association for Computing Machinery},
address = {New York, NY, USA},
volume = {22},
number = {11},
issn = {0001-0782},
url = {https://doi.org/10.1145/359168.359176},
doi = {10.1145/359168.359176},
journal = {Commun. ACM},
month = nov,
pages = {612–613},
numpages = {2},
}
@InProceedings{Paillier,
author="Paillier, Pascal",
editor="Stern, Jacques",
title="Public-Key Cryptosystems Based on Composite Degree Residuosity Classes",
booktitle="Advances in Cryptology --- EUROCRYPT '99",
year="1999",
publisher="Springer Berlin Heidelberg",
address="Berlin, Heidelberg",
pages="223--238",
isbn="978-3-540-48910-8"
}

@InProceedings{Damgard,
author="Damg{\aa}rd, Ivan
and Jurik, Mads",
editor="Kim, Kwangjo",
title="A Generalisation, a Simpli.cation and Some Applications of Paillier's Probabilistic Public-Key System",
booktitle="Public Key Cryptography",
year="2001",
publisher="Springer Berlin Heidelberg",
address="Berlin, Heidelberg",
pages="119--136",
isbn="978-3-540-44586-9"
}

@article{Statistical_SSS, 
author = {Damgård, Ivan and Thorbek, Rune},
year = {2008},
month = {01},
pages = {221},
title = {Efficient Conversion of Secret-shared Values Between Different Fields.},
volume = {2008},
journal = {IACR Cryptology ePrint Archive}
}

@inproceedings{OPRF,
  title={Keyword search and oblivious pseudorandom functions},
  author={Freedman, Michael J and Ishai, Yuval and Pinkas, Benny and Reingold, Omer},
  booktitle={Theory of Cryptography Conference},
  pages={303--324},
  year={2005},
  organization={Springer}
}

@article{Pinkas,
  title={Scalable private set intersection based on OT extension},
  author={Pinkas, Benny and Schneider, Thomas and Zohner, Michael},
  journal={ACM Transactions on Privacy and Security (TOPS)},
  volume={21},
  number={2},
  pages={1--35},
  year={2018},
  publisher={ACM New York, NY, USA}
}

@inproceedings{SpOT,
  title={Spot-light: Lightweight private set intersection from sparse OT extension},
  author={Pinkas, Benny and Rosulek, Mike and Trieu, Ni and Yanai, Avishay},
  booktitle={Annual International Cryptology Conference},
  pages={401--431},
  year={2019},
  organization={Springer}
}

@article{Freedman2016,
  title={Efficient set intersection with simulation-based security},
  author={Freedman, Michael J and Hazay, Carmit and Nissim, Kobbi and Pinkas, Benny},
  journal={Journal of Cryptology},
  volume={29},
  number={1},
  pages={115--155},
  year={2016},
  publisher={Springer}
}

@inproceedings{Freedman2004,
  title={Efficient private matching and set intersection},
  author={Freedman, Michael J and Nissim, Kobbi and Pinkas, Benny},
  booktitle={International conference on the theory and applications of cryptographic techniques},
  pages={1--19},
  year={2004},
  organization={Springer}
}

@inproceedings{Meadows,
  title={A more efficient cryptographic matchmaking protocol for use in the absence of a continuously available third party},
  author={Meadows, Catherine},
  booktitle={1986 IEEE Symposium on Security and Privacy},
  pages={134--134},
  year={1986},
  organization={IEEE}
}

@inproceedings{Huberman,
  title={Enhancing privacy and trust in electronic communities},
  author={Huberman, Bernardo A and Franklin, Matt and Hogg, Tad},
  booktitle={Proceedings of the 1st ACM conference on Electronic commerce},
  pages={78--86},
  year={1999}
}

@inproceedings{DeCristofaro,
  title={Practical private set intersection protocols with linear complexity},
  author={De Cristofaro, Emiliano and Tsudik, Gene},
  booktitle={International Conference on Financial Cryptography and Data Security},
  pages={143--159},
  year={2010},
  organization={Springer}
}

@article{Rabin,
  title={How To Exchange Secrets with Oblivious Transfer.},
  author={Rabin, Michael O},
  journal={IACR Cryptology ePrint Archive},
  volume={2005},
  pages={187},
  year={2005}
}

@inproceedings{Kolesnikov,
  title={Efficient batched oblivious PRF with applications to private set intersection},
  author={Kolesnikov, Vladimir and Kumaresan, Ranjit and Rosulek, Mike and Trieu, Ni},
  booktitle={Proceedings of the 2016 ACM SIGSAC Conference on Computer and Communications Security},
  pages={818--829},
  year={2016}
}

